@string{sicomp={SIAM Journal on Computing}}
@string{stoc09 ="Proceedings of the 41st ACM Symposium on Theory of Computing"}


@article{ARV09,
  title={Expander flows, geometric embeddings and graph partitioning},
  author={Arora, Sanjeev and Rao, Satish and Vazirani, Umesh},
  journal={Journal of the ACM (JACM)},
  volume={56},
  number={2},
  pages={1--37},
  year={2009},
  publisher={ACM New York, NY, USA}
}
@article{BGK16,
  title={Lectures on the local semicircle law for Wigner matrices},
  author={Benaych-Georges, Florent and Knowles, Antti},
  journal={arXiv preprint arXiv:1601.04055},
  year={2016}
}
@article{BKNS12,
  title={Solving packing integer programs via randomized rounding with alterations},
  author={Bansal, Nikhil and Korula, Nitish and Nagarajan, Viswanath and Srinivasan, Aravind},
  journal={Theory of Computing},
  volume={8},
  number={1},
  pages={533--565},
  year={2012},
  publisher={Theory of Computing Exchange}
}
@article{CC08,
  title={Approximation hardness of dominating set problems in bounded degree graphs},
  author={Chleb{\'\i}k, Miroslav and Chleb{\'\i}kov{\'a}, Janka},
  journal={Information and Computation},
  volume={206},
  number={11},
  pages={1264--1275},
  year={2008},
  publisher={Elsevier}
}
@article{Chv97,
  title={A greedy heuristic for the set-covering problem},
  author={Chv\'{a}tal, Vasek},
  journal={Mathematics of operations research},
  volume={4},
  number={3},
  pages={233--235},
  year={1979},
  publisher={INFORMS}
}
@article{CR02,
  title={Analysis of the $\ensuremath{\infty}$-replica symmetry breaking solution of the Sherrington-Kirkpatrick model},
  author={Crisanti, A. and Rizzo, T.},
  journal={Phys. Rev. E},
  volume={65},
  issue={4},
  pages={046137},
  numpages={9},
  year={2002},
  month={Apr},
  publisher={American Physical Society},
  doi={10.1103/PhysRevE.65.046137},
  url={https://link.aps.org/doi/10.1103/PhysRevE.65.046137}
}
@article{CT91,
  title={Improved lower bounds on k-independence},
  author={Caro, Yair and Tuza, Zsolt},
  journal={Journal of Graph Theory},
  volume={15},
  number={1},
  pages={99--107},
  year={1991},
  publisher={Wiley Online Library}
}
@article{Del16,
  title={Derivatives and differentials},
  author={Dellaert, Frank},
  year={2016},
}
@article{DMS17,
  title={Extremal cuts of sparse random graphs},
  author={Dembo, Amir and Montanari, Andrea and Sen, Subhabrata},
  journal={The Annals of Probability},
  volume={45},
  number={2},
  pages={1190--1217},
  year={2017},
  publisher={Institute of Mathematical Statistics}
}
@article{Dob82,
  title={Worst-case analysis of greedy heuristics for integer programming with nonnegative data},
  author={Dobson, Gregory},
  journal={Mathematics of Operations Research},
  volume={7},
  number={4},
  pages={515--531},
  year={1982},
  publisher={INFORMS}
}
@article{EN19,
  title={Krivine diffusions attain the Goemans--Williamson approximation ratio},
  author={Eldan, Ronen and Naor, Assaf},
  journal={arXiv preprint arXiv:1906.10615},
  year={2019}
}
@article{Fei98,
  title={A threshold of ln n for approximating set cover},
  author={Feige, Uriel},
  journal={Journal of the ACM (JACM)},
  volume={45},
  number={4},
  pages={634--652},
  year={1998},
  publisher={ACM New York, NY, USA}
}
@article{FGL12,
  title={Hoeffding’s inequality for supermartingales},
  author={Fan, Xiequan and Grama, Ion and Liu, Quansheng},
  journal={Stochastic Processes and their Applications},
  volume={122},
  number={10},
  pages={3545--3559},
  year={2012},
  publisher={Elsevier}
}
@article{FW82,
  title={On the greedy heuristic for continuous covering and packing problems},
  author={Fisher, Marshall L and Wolsey, Laurence A},
  journal={SIAM Journal on Algebraic Discrete Methods},
  volume={3},
  number={4},
  pages={584--591},
  year={1982},
  publisher={SIAM}
}
@article{GL13,
  title={Improved ARV rounding in small-set expanders and graphs of bounded threshold rank},
  author={Gharan, Shayan Oveis and Trevisan, Luca},
  journal={arXiv preprint arXiv:1304.2060},
  year={2013}
}
@article{Gue03,
  title={Broken replica symmetry bounds in the mean field spin glass model},
  author={Guerra, Francesco},
  journal={Communications in mathematical physics},
  volume={233},
  number={1},
  pages={1--12},
  year={2003},
  publisher={Springer}
}
@article{Har16,
  title={Lopsidependency in the Moser-Tardos framework: Beyond the lopsided Lov{\'a}sz local lemma},
  author={Harris, David G},
  journal={ACM Transactions on Algorithms (TALG)},
  volume={13},
  number={1},
  pages={1--26},
  year={2016},
  publisher={ACM New York, NY, USA}
}
@article{HS19,
  title={The Moser--Tardos Framework with Partial Resampling},
  author={Harris, David G and Srinivasan, Aravind},
  journal={Journal of the ACM (JACM)},
  volume={66},
  number={5},
  pages={1--45},
  year={2019},
  publisher={ACM New York, NY, USA}
}
@article{Har15,
  title={A note on the discrepancy of matrices with bounded row and column sums},
  author={Harvey, Nicholas JA},
  journal={Discrete Mathematics},
  volume={338},
  number={4},
  pages={517--521},
  year={2015},
  publisher={Elsevier}
}
@article{JS17,
  title={On the unbalanced cut problem and the generalized Sherrington-Kirkpatrick model},
  author={Jagannath, Aukosh and Sen, Subhabrata},
  journal={arXiv preprint arXiv:1707.09042},
  year={2017}
}
@article{KRV09,
  title={Graph partitioning using single commodity flows},
  author={Khandekar, Rohit and Rao, Satish and Vazirani, Umesh},
  journal={Journal of the ACM (JACM)},
  volume={56},
  number={4},
  pages={1--15},
  year={2009},
  publisher={ACM New York, NY, USA}
}
@article{KY05,
  title={Approximation algorithms for covering/packing integer programs},
  author={Kolliopoulos, Stavros G and Young, Neal E},
  journal={Journal of Computer and System Sciences},
  volume={71},
  number={4},
  pages={495--505},
  year={2005},
  publisher={Elsevier}
}
@article{LGT14,
  title={Multiway spectral partitioning and higher-order cheeger inequalities},
  author={Lee, James R and Gharan, Shayan Oveis and Trevisan, Luca},
  journal={Journal of the ACM (JACM)},
  volume={61},
  number={6},
  pages={1--30},
  year={2014},
  publisher={ACM New York, NY, USA}
}
@article{LLRS01,
  title={New algorithmic aspects of the Local Lemma with applications to routing and partitioning},
  author={Leighton, Tom and Lu, Chi-Jen and Rao, Satish and Srinivasan, Aravind},
  journal={SIAM Journal on Computing},
  volume={31},
  number={2},
  pages={626--641},
  year={2001},
  publisher={SIAM}
}
@article{Lov75,
  title={On the ratio of optimal integral and fractional covers},
  author={Lov{\'a}sz, L{\'a}szl{\'o}},
  journal={Discrete mathematics},
  volume={13},
  number={4},
  pages={383--390},
  year={1975},
  publisher={Elsevier}
}
@article{LR99,
  title={Multicommodity max-flow min-cut theorems and their use in designing approximation algorithms},
  author={Leighton, Tom and Rao, Satish},
  journal={Journal of the ACM (JACM)},
  volume={46},
  number={6},
  pages={787--832},
  year={1999},
  publisher={ACM New York, NY, USA}
}
@article{MT10,
  title={A constructive proof of the general Lov{\'a}sz local lemma},
  author={Moser, Robin A and Tardos, G{\'a}bor},
  journal={Journal of the ACM (JACM)},
  volume={57},
  number={2},
  pages={1--15},
  year={2010},
  publisher={ACM New York, NY, USA}
}
@article{Nie18,
  title={An elementary introduction to information geometry},
  author={Nielsen, Frank},
  journal={arXiv preprint arXiv:1808.08271},
  year={2018}
}
@article{Neu13,
  title={Inequalities and bounds for the incomplete gamma function},
  author={Neuman, Edward},
  journal={Results in Mathematics},
  volume={63},
  number={3-4},
  pages={1209--1214},
  year={2013},
  publisher={Springer}
}
@article{Pan14,
  author={Dmitry Panchenko},
  title={The {P}arisi formula for mixed p-spin models},
  journal={Annals of Probability},
  volume=42,
  number=3,
  pages={946–958},
  year=2014
}
@article{PS97,
  title={Randomized distributed edge coloring via an extension of the Chernoff--Hoeffding bounds},
  author={Panconesi, Alessandro and Srinivasan, Aravind},
  journal={SIAM Journal on Computing},
  volume={26},
  number={2},
  pages={350--368},
  year={1997},
  publisher={SIAM}
}
@article{Par80,
	doi={10.1088/0305-4470/13/4/009},
	url={https://doi.org/10.1088%2F0305-4470%2F13%2F4%2F009},
	year=1980,
	month={apr},
	publisher={{IOP} Publishing},
	volume={13},
	number={4},
	pages={L115--L121},
	author={Giorgio Parisi},
	title={A sequence of approximated solutions to the S-K model for spin glasses},
	journal={Journal of Physics A: Mathematical and General},
	abstract={In the framework of the new version of the replica theory, a sequence of approximated solutions is computed for the Sherrington-Kirkpatrick model (see Phys. Rev. Lett., vol.35, p.1972, 1975) of spin glasses.}
}
@article{RT87,
  title={Randomized rounding: a technique for provably good algorithms and algorithmic proofs},
  author={Raghavan, Prabhakar and Thompson, Clark D},
  journal={Combinatorica},
  volume={7},
  number={4},
  pages={365--374},
  year={1987},
  publisher={Springer}
}
@article{Sen18,
  title={Optimization on sparse random hypergraphs and spin glasses},
  author={Sen, Subhabrata},
  journal={Random Structures \& Algorithms},
  volume={53},
  number={3},
  pages={504--536},
  year={2018},
  publisher={Wiley Online Library}
}
@article{Sla97,
  title={A tight analysis of the greedy algorithm for set cover},
  author={Slav{\i}k, Petr},
  journal={Journal of Algorithms},
  volume={25},
  number={2},
  pages={237--254},
  year={1997},
  publisher={Elsevier}
}
@article{Sri06,
  title={An extension of the Lov{\'a}sz Local Lemma, and its applications to integer programming},
  author={Srinivasan, Aravind},
  journal={SIAM Journal on Computing},
  volume={36},
  number={3},
  pages={609--634},
  year={2006},
  publisher={SIAM}
}
@article{SS11,
  author={Daniel A. Spielman and Nikhil Srivastava},
  title={Graph Sparsification by Effective Resistances},
  journal=sicomp,
  volume={40},
  number={6},
  pages={1913--1926},
  year={2011}
}
@article{ST11,
  title={Spectral Sparsification of Graphs},
  author={Daniel Spielman and Shang-Hua Teng},
  journal=sicomp,
  volume=40,
  number=4,
  pages={981-1025},
  year=2011
}
@article{Tal06,
  title={The {P}arisi formula},
  author={Talagrand, Michel},
  journal={Annals of mathematics},
  pages={221--263},
  year={2006},
  publisher={JSTOR}
}
@article{Tro15,
  title={An introduction to matrix concentration inequalities},
  author={Tropp, Joel A},
  journal={arXiv preprint arXiv:1501.01571},
  year={2015}
}
@article{VH07,
  title={Stochastic calculus, filtering, and stochastic control},
  author={Van Handel, Ramon},
  journal={Course notes., URL http://www. princeton. edu/rvan/acm217/ACM217. pdf},
  volume={14},
  year={2007}
}
@article{Vis18,
  title={Geodesic convex optimization: Differentiation on manifolds, geodesics, and convexity},
  author={Vishnoi, Nisheeth K},
  journal={arXiv preprint arXiv:1806.06373},
  year={2018}
}
@article{WRM15,
  title={Unified acceleration method for packing and covering problems via diameter reduction},
  author={Wang, Di and Rao, Satish and Mahoney, Michael W},
  journal={arXiv preprint arXiv:1508.02439},
  year={2015}
}
@article{You14,
  title={Nearly linear-work algorithms for mixed packing/covering and facility-location linear programs},
  author={Young, Neal E},
  journal={arXiv preprint arXiv:1407.3015},
  year={2014}
}


@inproceedings{ACK+16,
  author={Alexandr Andoni and Jiecao Chen and Robert Krauthgamer and Bo Qin and David P. Woodruff and Qin Zhang},
  title={On Sketching Quadratic Forms},
  booktitle={Proceedings of the 2016 {ACM} Conference on Innovations in Theoretical Computer Science},
  pages={311--319},
  year={2016}
}
@inproceedings{AZLO15,
  title={Spectral sparsification and regret minimization beyond matrix multiplicative updates},
  author={Allen-Zhu, Zeyuan and Liao, Zhenyu and Orecchia, Lorenzo},
  booktitle={Proceedings of the forty-seventh annual {ACM} symposium on Theory of computing, {STOC} 2015},
  pages={237--245},
  year={2015}
}
@inproceedings{AGS13,
  title={Towards a better approximation for sparsest cut?},
  author={Arora, Sanjeev and Ge, Rong and Sinop, Ali Kemal},
  booktitle={2013 IEEE 54th Annual Symposium on Foundations of Computer Science},
  pages={270--279},
  year={2013},
  organization={IEEE}
}
@inproceedings{AZBG+20,
  title={Sticky brownian rounding and its applications to constraint satisfaction problems},
  author={Abbasi-Zadeh, Sepehr and Bansal, Nikhil and Guruganesh, Guru and Nikolov, Aleksandar and Schwartz, Roy and Singh, Mohit},
  booktitle={Proceedings of the Fourteenth Annual ACM-SIAM Symposium on Discrete Algorithms},
  pages={854--873},
  year={2020},
  organization={SIAM}
}
@inproceedings{BK96,
  author={Andr{\'{a}}s A. Bencz{\'{u}}r and David R. Karger},
  title={Approximating \emph{s-t} Minimum Cuts in \emph{{\~{O}}}(\emph{n}\({}^{\mbox{2}}\)) Time},
  booktitle={Proceedings of the Twenty-Eighth Annual {ACM} Symposium on the Theory of Computing, Philadelphia, Pennsylvania, USA, May 22-24, 1996},
  pages={47--55},
  year={1996}
}
@inproceedings{Bor19,
  title={A new proof of {F}riedman's second eigenvalue Theorem and its extension to random lifts},
  author={Bordenave, Charles},
  booktitle={Annales scientifiques de l'Ecole normale sup{\'e}rieure},
  year={2019}
}
@inproceedings{BSS09,
  author={Joshua D. Batson and Daniel A. Spielman and Nikhil Srivastava},
  title={Twice-{R}amanujan sparsifiers},
  booktitle=stoc09,
  year=2009,
  pages={255-262}
}
@inproceedings{CHS16,
  title={Partial resampling to approximate covering integer programs},
  author={Chen, Antares and Harris, David G and Srinivasan, Aravind},
  booktitle={Proceedings of the twenty-seventh annual ACM-SIAM symposium on Discrete algorithms},
  pages={1984--2003},
  year={2016},
  organization={SIAM}
}
@inproceedings{CQ18,
  title={Randomized MWU for positive LPs},
  author={Chekuri, Chandra and Quanrud, Kent},
  booktitle={Proceedings of the Twenty-Ninth Annual ACM-SIAM Symposium on Discrete Algorithms},
  pages={358--377},
  year={2018},
  organization={SIAM}
}
@inproceedings{CQ19,
  title={On approximating (sparse) covering integer programs},
  author={Chekuri, Chandra and Quanrud, Kent},
  booktitle={Proceedings of the Thirtieth Annual ACM-SIAM Symposium on Discrete Algorithms},
  pages={1596--1615},
  year={2019},
  organization={SIAM}
}
@inproceedings{EL73,
  title={Problems and results on 3-chromatic hypergraphs and some related questions},
  author={Erd{\H{o}}s, Paul and Lov{\'a}sz, L{\'a}szl{\'o}},
  booktitle={Colloquia mathematica societatis janos bolyai 10. infinite and finite sets, Keszthely (Hungary)},
  year={1973},
  organization={Citeseer}
}
@inproceedings{Joh73,
  title={Approximation algorithms for combinatorial problems},
  author={Johnson, David S},
  booktitle={Proceedings of the fifth annual ACM symposium on Theory of computing},
  pages={38--49},
  year={1973}
}
@incollection{Kar72,
  title={Reducibility among combinatorial problems},
  author={Karp, Richard M},
  booktitle={Complexity of computer computations},
  pages={85--103},
  year={1972},
  publisher={Springer}
}
@inproceedings{LS17,
  author={Yin Tat Lee and He Sun},
  title={An {SDP}-based algorithm for linear-sized spectral sparsification},
  booktitle={Proceedings of the 49th Annual {ACM} {SIGACT} Symposium on Theory of Computing, {STOC} 2017},
  pages={678--687},
  year={2017}
}
@inproceedings{LRTV12,
  title={Many sparse cuts via higher eigenvalues},
  author={Louis, Anand and Raghavendra, Prasad and Tetali, Prasad and Vempala, Santosh},
  booktitle={Proceedings of the forty-fourth annual ACM symposium on Theory of computing},
  pages={1131--1140},
  year={2012}
}
@inproceedings{Pol45,
  title={Remarks on computing the probability integral in one and two dimensions},
  author={P{\'o}lya, George},
  booktitle={Proceedings of the 1st Berkeley Symposium on Mathematical Statistics and Probability},
  pages={63--78},
  year={1945}
}
@inproceedings{RS10,
  title={Graph expansion and the unique games conjecture},
  author={Raghavendra, Prasad and Steurer, David},
  booktitle={Proceedings of the forty-second ACM symposium on Theory of computing},
  pages={755--764},
  year={2010}
}
@inproceedings{ST18,
  author={Srivastava, Nikhil and Trevisan, Luca},
  title={An {A}lon-{B}oppana Type Bound for Weighted Graphs and Lowerbounds for Spectral Sparsification},
  booktitle={Proceedings of the Twenty-Ninth Annual {ACM-SIAM} Symposium on Discrete Algorithms, {SODA}},
  pages={1306--1315},
  year={2018}
}
@inproceedings{Tre01,
  title={Non-approximability results for optimization problems on bounded degree instances},
  author={Trevisan, Luca},
  booktitle={Proceedings of the thirty-third annual ACM symposium on Theory of computing},
  pages={453--461},
  year={2001}
}


@manual{Eld20,
  title="Lecture notes -- from stochastic calculus to geometric inequalities",
  author="Eldan, Ronen",
  url="http://www.wisdom.weizmann.ac.il/~ronene/GFANotes.pdf",
  year="(accessed July 25, 2020)"
}


@phdthesis{Mal19,
  title={Random Combinatorial Optimization Problems: Mean Field and Finite-Dimensional Results},
  author={Malatesta, Enrico M},
  school={Universit`{a} degli Studi di Milano},
  journal={arXiv preprint arXiv:1902.00455},
  year={2019}
}
@phdthesis{Ore11,
  title={Fast approximation algorithms for graph partitioning using spectral and semidefinite-programming techniques},
  author={Orecchia, Lorenzo},
  year={2011},
  school={UC Berkeley}
}
@phdthesis{Zad19,
  title={Computational and statistical challenges in high dimensional statistical models},
  author={Zadik, Ilias},
  year={2019},
  school={Massachusetts Institute of Technology}
}

@techreport{CFLP99,
  title={Strengthening integrality gaps for capacitated network design and covering problems},
  author={Carr, Robert D and Fleischer, Lisa K and Leung, Vitus J and Phillips, Cynthia A},
  year={1999},
  institution={Sandia National Labs., Albuquerque, NM (US); Sandia National Labs~…}
}


@book{Ama16,
  title={Information geometry and its applications},
  author={Amari, Shun-ichi},
  volume={194},
  year={2016},
  publisher={Springer}
}
@book{BL16,
  title={Differential geometry of curves and surfaces},
  author={Banchoff, Thomas F and Lovett, Stephen T},
  year={2016},
  publisher={CRC Press}
}
@book{Bha09,
  title={Positive definite matrices},
  author={Bhatia, Rajendra},
  volume={24},
  year={2009},
  publisher={Princeton university press}
}
@book{Bor10,
  title={Convex analysis and nonlinear optimization: theory and examples},
  author={Borwein, Jonathan and Lewis, Adrian S},
  year={2010},
  publisher={Springer Science \& Business Media}
}
@book{BNO03,
  title={Convex analysis and optimization},
  author={Bertsekas, Dimitri and Nedic, Angelia and Ozdaglar, Asuman E.},
  year={2003},
  publisher={Athena Scientific}
}
@book{DS08,
  title={Lectures on symplectic geometry},
  author={Da Silva, Ana Cannas},
  year={2008},
  publisher={Springer}
}
@book{DZ11,
  title={Large deviations techniques and applications},
  author={Dembo, Amir and Zeitouni, Ofer},
  volume={38},
  year={2011},
  publisher={Springer-Verlag Berlin Heidelberg}
}
@book{Eva10,
  abstract={"This is the second edition of the now definitive text on partial differential equations (PDE). It offers a comprehensive survey of modern techniques in the theoretical study of PDE with particular emphasis on nonlinear equations. Its wide scope and clear exposition make it a great text for a graduate course in PDE. For this edition, the author has made numerous changes, including: a new chapter on nonlinear wave equations, more than 80 new exercises, several new sections, and a significantly expanded bibliography."--Publisher's description.},
  added-at={2015-07-29T08:37:26.000+0200},
  address={Providence, R.I.},
  author={Evans, Lawrence C.},
  biburl={https://www.bibsonomy.org/bibtex/2f5b120723ea78913e7e700ddd1a99301/ytyoun},
  interhash={59982ce44cc43813ccb14c0d647a59ee},
  intrahash={f5b120723ea78913e7e700ddd1a99301},
  isbn={9780821849743 0821849743},
  keywords={partial.differential.equations pde textbook},
  publisher={American Mathematical Society},
  refid={465190110},
  timestamp={2015-07-29T08:37:26.000+0200},
  title={Partial differential equations},
  year=2010
}
@book{EY17,
  title={A dynamical approach to random matrix theory},
  author={Erd{\H{o}}s, L{\'a}szl{\'o} and Yau, Horng-Tzer},
  volume={28},
  year={2017},
  publisher={American Mathematical Society}
}
@book{Lee10,
  title={Introduction to topological manifolds},
  author={Lee, John},
  volume={202},
  year={2010},
  publisher={Springer Science \& Business Media}
}
@book{Lov19,
  title={Differential geometry of manifolds},
  author={Lovett, Stephen},
  year={2019},
  publisher={CRC Press}
}
@book{Mil77,
  title={Elements of differential geometry},
  author={Millman, Richard S and Parker, George D},
  year={1977},
  publisher={Prentice Hall}
}
@book{Nes13,
  title={Introductory lectures on convex optimization: A basic course},
  author={Nesterov, Yurii},
  volume={87},
  year={2013},
  publisher={Springer Science \& Business Media}
}
@book{Nes18,
  title={Lectures on convex optimization},
  author={Nesterov, Yurii},
  volume={137},
  year={2018},
  publisher={Springer}
}
@book{Oks13,
  title={Stochastic differential equations: an introduction with applications},
  author={{\O}ksendal, Bernt},
  year={2013},
  publisher={Springer-Verlag Berlin Heidelberg}
}
@book{RSS12,
  title={Differential geometry and mathematical physics},
  author={Rudolph, Gerd and Schmidt, Matthias and Schmidt, Matthias},
  year={2012},
  publisher={Springer}
}
@book{Tay11,
  title={Partial differential equations I: basic theory},
  author={Taylor, Michael},
  volume={115},
  year={2011},
  publisher={Springer-Verlag New York}
}
@book{Var84,
  title={Large deviations and applications},
  author={Varadhan, SR Srinivasa},
  year={1984},
  publisher={SIAM}
}
@book{Vaz13,
  title={Approximation algorithms},
  author={Vazirani, Vijay V},
  year={2013},
  publisher={Springer Science \& Business Media}
}
